@misc{abraselexpansao,
  author = "Abrasel",
  title = "Impacto da COVID no setor de alimentação",
  year = "2023",
  howpublished = "\url{https://www.abrasel.com.br/noticias/5242-nota-abrasel-sobre-impacto-do-covid-19-no-setor-de-alimentacao-fora-do-lar.html}",
  note = "[Acessado em 23 de janeiro de 2023]"
}


@misc{ifoodprincipal,
  author = "FGV",
  title = "O 'Boom' das plataformas de Delivery no Brasil e suas consequências peculiares",
  year = "2023",
  howpublished = "\url{https://portal.fgv.br/artigos/boom-plataformas-delivery-brasil-e-suas-consequencias-peculiares}",
  note = "[Acessado em 23 de janeiro de 2023]"
}

@misc{ifoodtaxa,
  author = "Saipos",
  title = "Quem paga a taxa iFood?",
  year = "2023",
  howpublished = "\url{https://saipos.com/ifood/taxa-ifood }",
  note = "[Acessado em 23 de janeiro de 2023]"
}

@misc{ifb2023,
  author = "Lucas Muribeca",
  title = "Delivery de alimentos deve aumentar 7,5% em 2023, no Brasil",
  year = "2023",
  howpublished = "\url{https://redepara.com.br/Noticia/231697/delivery-de-alimentos-deve-aumentar-7-5-em-2023-no-brasil#:~:text=De%20acordo%20com%20o%20Instituto,restaurante%20Engenho%20Ded%C3%A9%2C%20em%20Bel%C3%A9m}",
  note = "[Acessado em 05 de fevereiro de 2023]"
}

@misc{transformacaodigital,
  author = "Redação IFB",
  title = "A transformação digital em bares e restaurantes",
  year = "2023",
  howpublished = "\url{https://foodbizbrasil.com/negocios/a-transformacao-digital-em-bares-e-restaurantes/}",
  note = "[Acessado em05 de fevereiro de 2023]"
}

@book{Sommerville:2011,
  author    = {Sommerville, Ian},
  title     = {Engenharia de Software},
  publisher = {Pearson Prentice Hall},
  year      = {2011},
  address   = {São Paulo},
  edition   = {9. ed.}
}
